@article
{
    FATuM,
    author =       "Alexandre Perrot and David Auber",
    title =        "{FATuM - Fast Animated Transitions using Multi-Buffers }. ({English})
        [{On} a middleware for vi-sualization]",
    year =         "2015",
    url =          "https://hal.archives-ouvertes.fr/hal-01174117"
}

@book
{
    rust,
    author =        {Steve Klabnik and Carol Nichols},
    publisher =     {No Starch Press},
    title =         {The Rust Programming Language},
    year =          2018,
    url =           {https://doc.rust-lang.org/book/2018-edition/index.html}
}

@misc
{
    LearnOpenGL,
    author =       "Joey de Vries",
    title =        "Learn OpenGL, a comprehensive tutorial for modern Open GL",
    year =         "2014",
    url =          "https://learnopengl.com"
}

@misc
{
    luminance,
    title =        "luminance, a Rust crate for making graphics rendering simple and elegant",
    year =         "2018",
    url =          "https://docs.rs/luminance/0.30.1/luminance/"
}

@misc
{
    GLSL,
    title =        "GLSL, a Rust crate for compiling GLSL 4.50 source code",
    year =         "2018",
    url =          "https://crates.io/crates/glsl/"
}

@misc
{
    rand,
    title =        "rand, a Rust crate for random number generation",
    year =         "2019",
    url =          "https://crates.io/crates/rand/"
}

@misc
{
    lazy-static,
    title =        "lazy\_static, a Rust crate for declaring lazily evaluated statics in Rust",
    year =         "2019",
    url =          "https://crates.io/crates/lazy_static/"
}

@misc
{
    nalgebra,
    title =        "nalgebra, a Rust crate for linear algebra",
    year =         "2019",
    url =          "https://crates.io/crates/nalgebra/"
}

@misc
{
    rect-packer,
    title =        "rect\_packer, a Rust crate for packing rectangles",
    year =         "2017",
    url =          "https://crates.io/crates/rect_packer/"
}

@misc
{
    freetype-rs,
    title =        "freetype-rs, a crate providing Rust bindings for FreeType library",
    year =         "2017",
    url =          "https://crates.io/crates/freetype-rs/"
}

@article
{
    Semi,
    title = {Sémiologie graphique},
    author = {Jacques Bertin},
    year = {1968},
    ISSN = {0035-3213},
    url = {https://www.persee.fr/doc/rgest_0035-3213_1968_num_8_3_2030_t1_0398_0000_3},
    language = {fr},
    publisher = {Presses Universitaires de Nancy}
}

@book
{
    VisualizationBook,
    author =        {Tamara Munzner},
    publisher =     {AK Peters/CRC Press},
    title =         {Visualization analysis and design},
    year =          2014,
}

@misc
{
    VegaMarks,
    title =        "Documentation sur l'implémentation des marques en Vega",
    url =          "https://vega.github.io/vega/docs/marks/"
}