@article
{
    FATuM,
    author =       "Alexandre Perrot and David Auber",
    title =        "{FATuM - Fast Animated Transitions using Multi-Buffers }. ({English})
        [{On} a middleware for vi-sualization]",
    year =         "2015",
    url =          "https://hal.archives-ouvertes.fr/hal-01174117"
}

@book
{
    rust,
    author =        {Steve Klabnik and Carol Nichols},
    publisher =     {No Starch Press},
    title =         {The Rust Programming Language},
    year =          2018,
    url =           {https://doc.rust-lang.org/book/2018-edition/index.html}
}

@misc
{
    LearnOpenGL,
    author =       "Joey de Vries",
    title =        "Learn OpenGL, a comprehensive tutorial for modern Open GL",
    year =         "2014",
    url =          "https://learnopengl.com"
}

@misc
{
    Luminance,
    title =        "Luminance, a Rust crate for making graphics rendering simple and elegant",
    year =         "2018",
    url =          "https://docs.rs/luminance/0.30.1/luminance/"
}

@misc
{
    GLSL,
    title =        "GLSL, a Rust crate for compiling GLSL 4.50 source code",
    year =         "2018",
    url =          "https://docs.rs/glsl/0.10.1/glsl/"
}

@article
{
    Semi,
    title = {Sémiologie graphique},
    author = {Jacques Bertin},
    year = {1968},
    ISSN = {0035-3213},
    url = {https://www.persee.fr/doc/rgest_0035-3213_1968_num_8_3_2030_t1_0398_0000_3},
    language = {fr},
    publisher = {Presses Universitaires de Nancy}
}

@book
{
    VisualizationBook,
    author =        {Tamara Munzner},
    publisher =     {AK Peters/CRC Press},
    title =         {Visualization analysis and design},
    year =          2014,
}

@misc
{
    VegaMarks,
    title =        "Documentation sur l'implémentation des marques en Vega",
    url =          "https://vega.github.io/vega/docs/marks/"
}